<?xml version="1.0" encoding="UTF-8"?>
<record xmlns="http://www.loc.gov/MARC21/slim">
   <leader>02529cam a2200457 a 4500</leader>
   <controlfield tag="001">443042</controlfield>
   <controlfield tag="003">NjP</controlfield>
   <controlfield tag="005">20170605130243.0</controlfield>
   <controlfield tag="008">880509s1977    ir            000 0 ara d</controlfield>
   <datafield tag="024" ind1="7" ind2=" ">
      <subfield code="a">princeton_aco003460</subfield>
      <subfield code="2">local</subfield>
   </datafield>
   <datafield ind1=" " ind2=" " tag="035">
      <subfield code="a">(OCoLC)ocn175984242</subfield>
   </datafield>
   <datafield ind1=" " ind2=" " tag="035">
      <subfield code="a">(OCoLC)25521248</subfield>
   </datafield>
   <datafield ind1=" " ind2=" " tag="040">
      <subfield code="a">NjP</subfield>
      <subfield code="c">PUL</subfield>
      <subfield code="d">PUL</subfield>
   </datafield>
   <datafield ind1=" " ind2=" " tag="066">
      <subfield code="c">(3</subfield>
      <subfield code="c">(4</subfield>
   </datafield>
   <datafield ind1=" " ind2=" " tag="035">
      <subfield code="a">(OCoLC)175984242</subfield>
   </datafield>
   <datafield ind1=" " ind2=" " tag="035">
      <subfield code="a">(CStRLIN)NJPG88-B23947</subfield>
   </datafield>
   <datafield ind1=" " ind2=" " tag="035">
      <subfield code="9">ACB8662TS</subfield>
   </datafield>
   <datafield ind1=" " ind2=" " tag="035">
      <subfield code="a">(NjP)443042</subfield>
   </datafield>
   <datafield ind1=" " ind2=" " tag="079">
      <subfield code="a">ocm25521248</subfield>
   </datafield>
   <datafield ind1=" " ind2=" " tag="049">
      <subfield code="a">PULL</subfield>
   </datafield>
   <datafield ind1="1" ind2=" " tag="100">
      <subfield code="6">880-01</subfield>
      <subfield code="a">Shahīd al-Awwal, Muḥammad ibn Makkī,</subfield>
      <subfield code="d">1333 or 1334-1380.</subfield>
      <subfield code="0">http://id.loc.gov/authorities/names/n86099913</subfield>
   </datafield>
   <datafield ind1="1" ind2="0" tag="240">
      <subfield code="6">880-02</subfield>
      <subfield code="a">Durūs al-sharʻīyah fī al-fiqh al-imāmīyah</subfield>
   </datafield>
   <datafield ind1="1" ind2="0" tag="245">
      <subfield code="6">880-03</subfield>
      <subfield code="a">Kitāb al-durūs al-sharʻīyah fī al-fiqh al-imāmīyah /</subfield>
      <subfield code="c">li-muʼallifihi Abī ʻAbd Allāh Muḥammad ibn Makkī al-ʻĀmilī ; ṣaḥḥaḥahu wa-ʻallaqa ʻalayhi al-Sayyid Mahdī al-Lāzūrdī al-Ḥusaynī.</subfield>
   </datafield>
   <datafield ind1=" " ind2=" " tag="260">
      <subfield code="6">880-04</subfield>
      <subfield code="a">Qum :</subfield>
      <subfield code="b">Intishārāt-i Ṣādiqī,</subfield>
      <subfield code="c">[1398 [1977 or 1978]]</subfield>
   </datafield>
   <datafield ind1=" " ind2=" " tag="300">
      <subfield code="a">436 p. ;</subfield>
      <subfield code="c">26 cm.</subfield>
   </datafield>
   <datafield ind1=" " ind2=" " tag="500">
      <subfield code="6">880-05</subfield>
      <subfield code="a">Cover title: Kitāb al-durūs al-sharʻīyah fī fiqh al-imāmīyah.</subfield>
   </datafield>
   <datafield ind1=" " ind2="0" tag="650">
      <subfield code="a">Islamic law</subfield>
      <subfield code="x">Interpretation and construction.</subfield>
      <subfield code="0">http://id.loc.gov/authorities/subjects/sh85068455</subfield>
   </datafield>
   <datafield ind1="1" ind2=" " tag="700">
      <subfield code="6">880-06</subfield>
      <subfield code="a">Lāzūrdī al-Ḥusaynī, Mahdī.</subfield>
   </datafield>
   <datafield ind1="0" ind2=" " tag="740">
      <subfield code="6">880-07</subfield>
      <subfield code="a">Durūs al-sharʻīyah fī al-fiqh al-imāmīyah.</subfield>
   </datafield>
   <datafield ind1="0" ind2=" " tag="740">
      <subfield code="6">880-08</subfield>
      <subfield code="a">Kitāb al-durūs al-sharʻīyah fī fiqh al-imāmīyah.</subfield>
   </datafield>
   <datafield ind1="1" ind2=" " tag="880">
      <subfield code="6">100-01/(3/r</subfield>
      <subfield code="a">شهيد الاول، محمد بن مكي،</subfield>
      <subfield code="d">1333 or 1334-1380.</subfield>
   </datafield>
   <datafield ind1="1" ind2="0" tag="880">
      <subfield code="6">240-02/(3/r</subfield>
      <subfield code="a">دروس الشرعية في الفقه الامامية</subfield>
   </datafield>
   <datafield ind1="1" ind2="0" tag="880">
      <subfield code="6">245-03/(3/r</subfield>
      <subfield code="a">كتاب الدروس الشرعية في الفقه الامامية /</subfield>
      <subfield code="c">لمؤلفه ابي عبد الله محمد بن مكي العاملي ؛ صححه وعلق عليه السيد مهدي اللازوردي الحسيني.</subfield>
   </datafield>
   <datafield ind1=" " ind2=" " tag="880">
      <subfield code="6">260-04/(3/r</subfield>
      <subfield code="a">قم :</subfield>
      <subfield code="b">انتشارات صادقى،</subfield>
      <subfield code="c">[1398 [1977 or 1978]]</subfield>
   </datafield>
   <datafield ind1=" " ind2=" " tag="880">
      <subfield code="6">500-05/(4/r</subfield>
      <subfield code="a">ڤر تتل: كتاب الدروس الشرعية في فقه الامامية.</subfield>
   </datafield>
   <datafield ind1="1" ind2=" " tag="880">
      <subfield code="6">700-06/(3/r</subfield>
      <subfield code="a">لازوردي الحسيني، مهدي.</subfield>
   </datafield>
   <datafield ind1="0" ind2=" " tag="880">
      <subfield code="6">740-07/(3/r</subfield>
      <subfield code="a">دروس الشرعية في الفقه الامامية.</subfield>
   </datafield>
   <datafield ind1="0" ind2=" " tag="880">
      <subfield code="6">740-08/(3/r</subfield>
      <subfield code="a">كتاب الدروس الشرعية في فقه الامامية.</subfield>
   </datafield>
   <datafield ind1=" " ind2=" " tag="998">
      <subfield code="a">02/15/94</subfield>
      <subfield code="s">9118</subfield>
      <subfield code="n">NjP</subfield>
      <subfield code="w">NJPG88B23947</subfield>
      <subfield code="d">05/09/88</subfield>
      <subfield code="c">JAB</subfield>
      <subfield code="b">JAB</subfield>
      <subfield code="i">940215</subfield>
      <subfield code="l">NJPG</subfield>
   </datafield>
   <datafield ind1=" " ind2=" " tag="911">
      <subfield code="a">19940225</subfield>
   </datafield>
   <datafield ind1=" " ind2=" " tag="912">
      <subfield code="a">19940215000000.0</subfield>
   </datafield>
   <datafield ind1=" " ind2=" " tag="994">
      <subfield code="a">C0</subfield>
      <subfield code="b">PUL</subfield>
   </datafield>
   <datafield ind1=" " ind2=" " tag="999">
      <subfield code="a">443042</subfield>
   </datafield>
   <datafield ind1="8" ind2="0" tag="852">
      <subfield code="0">482356</subfield>
      <subfield code="b">rcppa</subfield>
      <subfield code="t">1</subfield>
      <subfield code="h">KBL</subfield>
      <subfield code="i">.S323</subfield>
      <subfield code="x">tr fr arab</subfield>
   </datafield>
   <datafield ind1=" " ind2=" " tag="959">
      <subfield code="a">2000-06-13 00:00:00 -0400</subfield>
   </datafield>
</record>
